<?xml version="1.0" encoding="UTF-8"?><record xmlns="http://www.loc.gov/MARC21/slim" xmlns:cinclude="http://apache.org/cocoon/include/1.0" xmlns:zs="http://www.loc.gov/zing/srw/">
  <leader>00469nz  a2200121n  4500</leader>
  <controlfield tag="001">nr 92005309 </controlfield>
  <controlfield tag="003">DLC</controlfield>
  <controlfield tag="005">19920208054121.3</controlfield>
  <controlfield tag="008">920207n| acannaab|          |n ana     c</controlfield>
  <datafield tag="010" ind1=" " ind2=" ">
    <subfield code="a">nr 92005309 </subfield>
  </datafield>
  <datafield tag="040" ind1=" " ind2=" ">
    <subfield code="a">NjP</subfield>
    <subfield code="c">NjP</subfield>
  </datafield>
  <datafield tag="110" ind1="2" ind2="0">
    <subfield code="a">Comisio휍혖n Nacional contra la Tortura (Chile)</subfield>
  </datafield>
  <datafield tag="670" ind1=" " ind2=" ">
    <subfield code="a">Chilean political transition, 1981-1991, II [MI] 1981-1991</subfield>
    <subfield code="b">(usage on own publ.: Comisio휍혖n Nacional contra la Tortura; Santiago; f. in January, 1983; Chilean non-governmental commission)</subfield>
  </datafield>
</record>